<record><leader>01873cam a22005298i 4500</leader><controlfield tag="001">6797147</controlfield><controlfield tag="003">OCoLC</controlfield><controlfield tag="005">20150130120539.0</controlfield><controlfield tag="006">m     o  d        </controlfield><controlfield tag="007">cr |||</controlfield><controlfield tag="008">141125s2015    enk     ob    001 0 eng  </controlfield><datafield ind1=" " ind2=" " tag="010"><subfield code="a">  2014046324</subfield></datafield><datafield ind1=" " ind2=" " tag="020"><subfield code="a">9781118714454 (ePub)</subfield></datafield><datafield ind1=" " ind2=" " tag="020"><subfield code="a">1118714458 (ePub)</subfield></datafield><datafield ind1=" " ind2=" " tag="020"><subfield code="a">9781118714461 (Adobe PDF)</subfield></datafield><datafield ind1=" " ind2=" " tag="020"><subfield code="a">1118714466 (Adobe PDF)</subfield></datafield><datafield ind1=" " ind2=" " tag="020"><subfield code="z">9781118714485 (cloth)</subfield></datafield><datafield ind1=" " ind2=" " tag="020"><subfield code="a">9781118714478</subfield></datafield><datafield ind1=" " ind2=" " tag="020"><subfield code="a">1118714474</subfield></datafield><datafield ind1=" " ind2=" " tag="035"><subfield code="a">ocn897001893</subfield></datafield><datafield ind1=" " ind2=" " tag="039"><subfield code="a">exclude</subfield></datafield><datafield ind1=" " ind2=" " tag="040"><subfield code="a">DLC</subfield><subfield code="b">eng</subfield><subfield code="e">rda</subfield><subfield code="c">DLC</subfield><subfield code="d">DG1</subfield><subfield code="d">AEU</subfield></datafield><datafield ind1=" " ind2=" " tag="042"><subfield code="a">pcc</subfield></datafield><datafield ind1="1" ind2="0" tag="050"><subfield code="a">TP248.B55</subfield></datafield><datafield ind1="0" ind2="0" tag="082"><subfield code="a">662/.88</subfield><subfield code="2">23</subfield></datafield><datafield ind1=" " ind2=" " tag="090"><subfield code="a">Internet Access</subfield><subfield code="b">AEU</subfield></datafield><datafield ind1="0" ind2="0" tag="245"><subfield code="a">Introduction to chemicals from biomass /</subfield><subfield code="c">edited by James Clark, Fabien Deswarte.</subfield></datafield><datafield ind1="3" ind2="0" tag="246"><subfield code="a">Chemicals from biomass</subfield></datafield><datafield ind1=" " ind2=" " tag="250"><subfield code="a">Second edition.</subfield></datafield><datafield ind1=" " ind2="1" tag="264"><subfield code="a">Chichester, West Sussex :</subfield><subfield code="b">John Wiley &amp; Sons, Inc.,</subfield><subfield code="c">2015.</subfield></datafield><datafield ind1=" " ind2=" " tag="300"><subfield code="a">1 online resource.</subfield></datafield><datafield ind1=" " ind2=" " tag="336"><subfield code="a">text</subfield><subfield code="2">rdacontent</subfield></datafield><datafield ind1=" " ind2=" " tag="337"><subfield code="a">computer</subfield><subfield code="2">rdamedia</subfield></datafield><datafield ind1=" " ind2=" " tag="338"><subfield code="a">online resource</subfield><subfield code="2">rdacarrier</subfield></datafield><datafield ind1="1" ind2=" " tag="490"><subfield code="a">Wiley series in renewable resources</subfield></datafield><datafield ind1=" " ind2=" " tag="504"><subfield code="a">Includes bibliographical references and index.</subfield></datafield><datafield ind1=" " ind2=" " tag="506"><subfield code="a">Access restricted to authorized users and institutions.</subfield></datafield><datafield ind1=" " ind2=" " tag="588"><subfield code="a">Description based on print version record and CIP data provided by publisher; resource not viewed.</subfield></datafield><datafield ind1=" " ind2=" " tag="596"><subfield code="a">44</subfield></datafield><datafield ind1=" " ind2="0" tag="650"><subfield code="a">Biomass chemicals.</subfield></datafield><datafield ind1=" " ind2="0" tag="650"><subfield code="a">Organic compounds.</subfield></datafield><datafield ind1="1" ind2=" " tag="700"><subfield code="a">Clark, James H.,</subfield><subfield code="e">editor.</subfield></datafield><datafield ind1="1" ind2=" " tag="700"><subfield code="a">Deswarte, Fabien E. I.,</subfield><subfield code="e">editor.</subfield></datafield><datafield ind1=" " ind2="0" tag="830"><subfield code="a">Wiley series in renewable resources.</subfield></datafield><datafield ind1="4" ind2="0" tag="856"><subfield code="3">University of Alberta Access</subfield><subfield code="u">http://dx.doi.org/10.1002/9781118714478</subfield><subfield code="z">(Unlimited Concurrent Users)</subfield></datafield><datafield ind1=" " ind2=" " tag="949"><subfield code="h">UAIN</subfield><subfield code="z">WILEYOL</subfield></datafield><datafield ind1=" " ind2=" " tag="926"><subfield code="a">Internet Access</subfield><subfield code="w">LC</subfield><subfield code="c">1</subfield><subfield code="i">6797147-1001</subfield><subfield code="l">INTERNET</subfield><subfield code="m">UAINTERNET</subfield><subfield code="r">Y</subfield><subfield code="s">Y</subfield><subfield code="t">E-RESOURCE</subfield><subfield code="u">2/3/2015</subfield><subfield code="x">E-BOOK</subfield><subfield code="z">WILEYOL</subfield></datafield></record>